@article{DBLP:journals/tcs/Rosa-VelardoF11,
	author    = {Fernando Rosa{-}Velardo and
	David de Frutos{-}Escrig},
	title     = {Decidability and complexity of Petri nets with unordered data},
	journal   = {Theor. Comput. Sci.},
	volume    = {412},
	number    = {34},
	pages     = {4439--4451},
	year      = {2011},
	url       = {https://doi.org/10.1016/j.tcs.2011.05.007},
	doi       = {10.1016/j.tcs.2011.05.007},
	timestamp = {Thu, 08 Jun 2017 09:02:36 +0200},
	biburl    = {http://dblp.uni-trier.de/rec/bib/journals/tcs/Rosa-VelardoF11},
	bibsource = {dblp computer science bibliography, http://dblp.org}
}


@Inbook{Rozenberg1998,
author="Rozenberg, Grzegorz
and Engelfriet, Joost",
editor="Reisig, Wolfgang
and Rozenberg, Grzegorz",
title="Elementary net systems",
bookTitle="Lectures on Petri Nets I: Basic Models: Advances in Petri Nets",
year="1998",
publisher="Springer Berlin Heidelberg",
address="Berlin, Heidelberg",
pages="12--121",
isbn="978-3-540-49442-3",
doi="10.1007/3-540-65306-6_14",
url="http://dx.doi.org/10.1007/3-540-65306-6_14"
}

@Inbook{Bernardinello1992,
author="Bernardinello, Luca
and De Cindio, Fiorella",
editor="Rozenberg, Grzegorz",
title="A survey of basic net models and modular net classes",
bookTitle="Advances in Petri Nets 1992",
year="1992",
publisher="Springer Berlin Heidelberg",
address="Berlin, Heidelberg",
pages="304--351",
isbn="978-3-540-47258-2",
doi="10.1007/3-540-55610-9_177",
url="http://dx.doi.org/10.1007/3-540-55610-9_177"
}


@Inbook{Thiagarajan1987,
author="Thiagarajan, P. S.",
editor="Brauer, W.
and Reisig, W.
and Rozenberg, G.",
title="Elementary Net Systems",
bookTitle="Petri Nets: Central Models and Their Properties: Advances in Petri Nets 1986, Part I Proceedings of an Advanced Course Bad Honnef, 8.--19. September 1986",
year="1987",
publisher="Springer Berlin Heidelberg",
address="Berlin, Heidelberg",
pages="26--59",
isbn="978-3-540-47919-2",
doi="10.1007/978-3-540-47919-2_3",
url="http://dx.doi.org/10.1007/978-3-540-47919-2_3"
}

@book{DBLP:books/sp/Reisig85a,
  author    = {Wolfgang Reisig},
  title     = {Petri Nets: An Introduction},
  series    = {{EATCS} Monographs on Theoretical Computer Science},
  volume    = {4},
  publisher = {Springer},
  year      = {1985},
  url       = {http://dx.doi.org/10.1007/978-3-642-69968-9},
  doi       = {10.1007/978-3-642-69968-9},
  isbn      = {3-540-13723-8},
  timestamp = {Tue, 03 Dec 2013 16:48:21 +0100},
  biburl    = {http://dblp2.uni-trier.de/rec/bib/books/sp/Reisig85a},
  bibsource = {dblp computer science bibliography, http://dblp.org}
}

@proceedings{DBLP:conf/ac/1986petri1,
  editor    = {Wilfried Brauer and
               Wolfgang Reisig and
               Grzegorz Rozenberg},
  title     = {Petri Nets: Central Models and Their Properties, Advances in Petri
               Nets 1986, Part I, Proceedings of an Advanced Course, Bad Honnef,
               8.-19. September 1986},
  series    = {Lecture Notes in Computer Science},
  volume    = {254},
  publisher = {Springer},
  year      = {1987},
  isbn      = {3-540-17905-4},
  timestamp = {Thu, 02 Jan 2003 08:28:32 +0100},
  biburl    = {http://dblp.uni-trier.de/rec/bib/conf/ac/1986petri1},
  bibsource = {dblp computer science bibliography, http://dblp.org}
}

@phdthesis{Petri62,
    author = {Carl Adam Petri},
    title = {Kommunikation mit Automaten},
    school = {Technical University Hamburg},
    year = {1962},
    address = {},
    language = {ger},
}

@article{DBLP:journals/jcsc/Aalst98,
  author    = {Wil M. P. van der Aalst},
  title     = {The Application of Petri Nets to Workflow Management},
  journal   = {Journal of Circuits, Systems, and Computers},
  volume    = {8},
  number    = {1},
  pages     = {21--66},
  year      = {1998},
  url       = {http://dx.doi.org/10.1142/S0218126698000043},
  doi       = {10.1142/S0218126698000043},
  timestamp = {Thu, 16 Oct 2003 12:27:20 +0200},
  biburl    = {http://dblp.uni-trier.de/rec/bib/journals/jcsc/Aalst98},
  bibsource = {dblp computer science bibliography, http://dblp.org}
}

@book{Silver_2012,
    author = {Silver, Bruce},
    citeulike-article-id = {10794212},
    day = {12},
    edition = {Second},
    keywords = {bpm, bpmn, regulation},
    month = jan,
    posted-at = {2012-06-16 05:15:02},
    priority = {2},
    title = {{BPMN Method and Style, Second Edition, with BPMN Implementer's Guide [Kindle Edition]}},
    year = {2012}
}

@book{DBLP:books/daglib/CPN_Book,
  author    = {Kurt Jensen and
               Lars Michael Kristensen},
  title     = {Coloured Petri Nets - Modelling and Validation of Concurrent Systems},
  publisher = {Springer},
  year      = {2009},
  url       = {https://doi.org/10.1007/b95112},
  doi       = {10.1007/b95112},
  isbn      = {978-3-642-00283-0},
  timestamp = {Tue, 16 May 2017 14:01:34 +0200},
  biburl    = {http://dblp.uni-trier.de/rec/bib/books/daglib/0023756},
  bibsource = {dblp computer science bibliography, http://dblp.org}
}

@Inbook{Jensen_CPN_Book_ML,
author="Jensen, Kurt
and Kristensen, Lars M.",
title="CPN ML Programming",
bookTitle="Coloured Petri Nets: Modelling and Validation of Concurrent Systems",
year="2009",
publisher="Springer Berlin Heidelberg",
address="Berlin, Heidelberg",
pages="43--77",
isbn="978-3-642-00284-7",
doi="10.1007/b95112_3",
url="http://dx.doi.org/10.1007/b95112_3"
}



@Article{Jensen2007,
author="Jensen, Kurt
and Kristensen, Lars Michael
and Wells, Lisa",
title="Coloured Petri Nets and CPN Tools for modelling and validation of concurrent systems",
journal="International Journal on Software Tools for Technology Transfer",
year="2007",
volume="9",
number="3",
pages="213--254",
abstract="Coloured Petri Nets (CPNs) is a language for the modelling and validation of systems in which concurrency, communication, and synchronisation play a major role. Coloured Petri Nets is a discrete-event modelling language combining Petri nets with the functional programming language Standard ML. Petri nets provide the foundation of the graphical notation and the basic primitives for modelling concurrency, communication, and synchronisation. Standard ML provides the primitives for the definition of data types, describing data manipulation, and for creating compact and parameterisable models. A CPN model of a system is an executable model representing the states of the system and the events (transitions) that can cause the system to change state. The CPN language makes it possible to organise a model as a set of modules, and it includes a time concept for representing the time taken to execute events in the modelled system. CPN Tools is an industrial-strength computer tool for constructing and analysing CPN models. Using CPN Tools, it is possible to investigate the behaviour of the modelled system using simulation, to verify properties by means of state space methods and model checking, and to conduct simulation-based performance analysis. User interaction with CPN Tools is based on direct manipulation of the graphical representation of the CPN model using interaction techniques, such as tool palettes and marking menus. A license for CPN Tools can be obtained free of charge, also for commercial use.",
issn="1433-2787",
doi="10.1007/s10009-007-0038-x",
url="http://dx.doi.org/10.1007/s10009-007-0038-x"
}

@book{milner1997definition,
  title={The definition of standard ML: revised},
  author={Milner, Robin},
  year={1997},
  publisher={MIT press},
  biburl = {http://sml-family.org/sml97-defn.pdf}
}

@misc{CPN_Tools,
  title = {{CPN Tools} Homepage},
  howpublished = {\url{http://cpntools.org/}},
  note = {Accessed: 2017-05-20}
}

@misc{Tools_WIKI,
  title = {Complete Overview of Petri Nets Tools Database},
  howpublished = {\url{https://www.informatik.uni-hamburg.de/TGI/PetriNets/tools/complete_db.html}},
  note = {Accessed: 2017-05-20}
}

@misc{CPN_Tools_ColourSet,
  title = {{CPN Tools} Color set declaration},
  howpublished = {\url{http://cpntools.org/documentation/concepts/colors/declarations/colorsets/start}},
  note = {Accessed: 2017-06-06}
}

@misc{Westergaard_Extension,
	title = {CPN Tools Extensions},
	howpublished = {\url{https://westergaard.eu/?s=extension+cpntools}},
	note = {Accessed: 2017-07-25}
}



@Inbook{Renew_Paper,
author="Cabac, Lawrence
and Haustermann, Michael
and Mosteller, David",
editor="Kordon, Fabrice
and Moldt, Daniel",
title="Renew 2.5 -- Towards a Comprehensive Integrated Development Environment for Petri Net-Based Applications",
bookTitle="Application and Theory of Petri Nets and Concurrency: 37th International Conference, PETRI NETS 2016, Toru{\'{n}}, Poland, June 19-24, 2016. Proceedings",
year="2016",
publisher="Springer International Publishing",
address="Cham",
pages="101--112",
isbn="978-3-319-39086-4",
doi="10.1007/978-3-319-39086-4_7",
url="http://dx.doi.org/10.1007/978-3-319-39086-4_7"
}

@phdthesis{DBLP:phd/de/Cabac2010,
  author    = {Lawrence Cabac},
  title     = {Modeling Petri net-based multi-agent applications},
  school    = {University of Hamburg},
  year      = {2010},
  url       = {http://www.sub.uni-hamburg.de/opus/volltexte/2010/4666/index.html},
  urn       = {urn:nbn:de:gbv:18-46661},
  isbn      = {978-3-8325-2673-3},
  timestamp = {Tue, 07 Jun 2016 17:24:01 +0200},
  biburl    = {http://dblp.uni-trier.de/rec/bib/phd/de/Cabac2010},
  bibsource = {dblp computer science bibliography, http://dblp.org}
}

@book{DBLP:books/daglib/Reisig2013,
	author    = {Wolfgang Reisig},
	title     = {Understanding Petri Nets - Modeling Techniques, Analysis Methods,
	Case Studies},
	publisher = {Springer},
	year      = {2013},
	url       = {https://doi.org/10.1007/978-3-642-33278-4},
	doi       = {10.1007/978-3-642-33278-4},
	isbn      = {978-3-642-33277-7},
	timestamp = {Tue, 16 May 2017 14:01:34 +0200},
	biburl    = {http://dblp.uni-trier.de/rec/bib/books/daglib/0032298},
	bibsource = {dblp computer science bibliography, http://dblp.org}
}

@misc{Renew_Homepage,
	title={Renew - The Reference Net Workshop},
	howpublished={\url{http://www.renew.de/}},
	note = {Accessed: 2017-07-29}
}

@book{DBLP:books/aw/found_DB,
	author    = {Serge Abiteboul and
	Richard Hull and
	Victor Vianu},
	title     = {Foundations of Databases},
	publisher = {Addison-Wesley},
	year      = {1995},
	url       = {http://webdam.inria.fr/Alice/},
	isbn      = {0-201-53771-0},
	timestamp = {Thu, 25 Feb 2016 13:51:09 +0100},
	biburl    = {http://dblp.uni-trier.de/rec/bib/books/aw/AbiteboulHV95},
	bibsource = {dblp computer science bibliography, http://dblp.org}
}

@inproceedings{DBLP:conf/icdt/Vianu09,
	author    = {Victor Vianu},
	title     = {Automatic verification of database-driven systems: a new frontier},
	booktitle = {Database Theory - {ICDT} 2009, 12th International Conference, St.
	Petersburg, Russia, March 23-25, 2009, Proceedings},
	pages     = {1--13},
	year      = {2009},
	crossref  = {DBLP:conf/icdt/2009},
	url       = {http://doi.acm.org/10.1145/1514894.1514896},
	doi       = {10.1145/1514894.1514896},
	timestamp = {Tue, 24 Mar 2009 08:01:13 +0100},
	biburl    = {http://dblp.uni-trier.de/rec/bib/conf/icdt/Vianu09},
	bibsource = {dblp computer science bibliography, http://dblp.org}
}

@inproceedings{DBLP:conf/pods/CalvaneseGM13,
	author    = {Diego Calvanese and
	Giuseppe {De Giacomo} and
	Marco Montali},
	title     = {Foundations of data-aware process analysis: a database theory perspective},
	booktitle = {Proceedings of the 32nd {ACM} {SIGMOD-SIGACT-SIGART} Symposium on
	Principles of Database Systems, {PODS} 2013, New York, NY, {USA} -
	June 22 - 27, 2013},
	pages     = {1--12},
	year      = {2013},
	crossref  = {DBLP:conf/pods/2013},
	url       = {http://doi.acm.org/10.1145/2463664.2467796},
	doi       = {10.1145/2463664.2467796},
	timestamp = {Mon, 05 Jun 2017 12:40:22 +0200},
	biburl    = {http://dblp.uni-trier.de/rec/bib/conf/pods/CalvaneseGM13},
	bibsource = {dblp computer science bibliography, http://dblp.org}
}

@article{DBLP:journals/corr/DBNets,
	author    = {Andrey Rivkin and Marco Montali},
	title     = {DB-Nets: on The Marriage of Colored Petri Nets and Relational Databases},
	journal   = {CoRR},
	volume    = {abs/1611.03680},
	year      = {2016},
	url       = {http://arxiv.org/abs/1611.03680},
	timestamp = {Wed, 07 Jun 2017 14:40:05 +0200},
	biburl    = {http://dblp.uni-trier.de/rec/bib/journals/corr/MontaliR16},
	bibsource = {dblp computer science bibliography, http://dblp.org}
}

@inproceedings{DBLP:conf/pods/AbdullaAAMR16,
	author    = {Parosh Aziz Abdulla and
	C. Aiswarya and
	Mohamed Faouzi Atig and
	Marco Montali and
	Othmane Rezine},
	title     = {Recency-Bounded Verification of Dynamic Database-Driven Systems},
	booktitle = {Proceedings of the 35th {ACM} {SIGMOD-SIGACT-SIGAI} Symposium on Principles
	of Database Systems, {PODS} 2016, San Francisco, CA, USA, June 26
	- July 01, 2016},
	pages     = {195--210},
	year      = {2016},
	crossref  = {DBLP:conf/pods/2016},
	url       = {http://doi.acm.org/10.1145/2902251.2902300},
	doi       = {10.1145/2902251.2902300},
	timestamp = {Sat, 18 Jun 2016 14:43:56 +0200},
	biburl    = {http://dblp.uni-trier.de/rec/bib/conf/pods/AbdullaAAMR16},
	bibsource = {dblp computer science bibliography, http://dblp.org}
}

@inproceedings{BagheriHariri,
	author = {Bagheri Hariri, Babak and Calvanese, Diego and De Giacomo, Giuseppe and Deutsch, Alin and Montali, Marco},
	title = {Verification of Relational Data-centric Dynamic Systems with External Services},
	booktitle = {Proceedings of the 32Nd ACM SIGMOD-SIGACT-SIGAI Symposium on Principles of Database Systems},
	series = {PODS '13},
	year = {2013},
	isbn = {978-1-4503-2066-5},
	location = {New York, New York, USA},
	pages = {163--174},
	numpages = {12},
	url = {http://doi.acm.org/10.1145/2463664.2465221},
	doi = {10.1145/2463664.2465221},
	acmid = {2465221},
	publisher = {ACM},
	address = {New York, NY, USA},
	keywords = {business artifacts, data-centric business processes, decidable verification, mu-calculus},
}

@misc{CPN_Tools_CodeSegment,
	title = {{CPN Tools} Transitions Code Segment},
	howpublished = {\url{http://cpntools.org/documentation/concepts/colors/inscriptions/code_segments}},
	note = {Accessed: 2017-08-09}
}

@phdthesis{gallasch2001comms,
	title={{Comms/CPN}: A communication infrastructure for external communication with design/CPN},
	author={Gallasch, Guy Edward and Kristensen, Lars M},
	year={2001},
	school={Aarhus Univeristy},
	url = {http://cpntools.org/_media/documentation/gallaschk2001.pdf}
}

@misc{CPN_Tools_Comms/CPN,
	title = {{CPN Tools} Comms/CPN},
	howpublished = {\url{http://cpntools.org/documentation/concepts/external/external_communication_wi}},
	note = {Accessed: 2017-08-12}
}

@misc{Postgres,
	title = {{Postgres SQL}},
	howpublished = {\url{https://www.postgresql.org/about/}},
	note = {Accessed: 2017-08-13}
}

@misc{CPN_Tools_Extension,
	title = {{CPN Tools} Extension Commmunication Pattern},
	howpublished = {\url{https://westergaard.eu/2013/09/cpn-tools-4-extensions-part-1-basics/}},
	note = {Accessed: 2017-08-14}
}

@misc{CPN_Tools_State_Space,
	title = {{CPN Tools} State Space},
	howpublished = {\url{http://cpntools.org/documentation/tasks/verification/draw_state_spaces}},
	note = {Accessed: 2017-08-21}
}


@misc{CPN_Tools_Message_Format,
	title = {{CPN Tools} Communication Architecture},
	howpublished = {\url{http://cpntools.org/cpn2000/apn_ml_protocol_manual}},
	note = {Accessed: 2017-08-22}
}

@misc{CPN_Tools_Message_State_Space,
	title = {{CPN Tools} State Space Messages},
	howpublished = {\url{http://cpntools.org/cpn2000/cpn_messages_state_space}},
	note = {Accessed: 2017-08-22}
}

@misc{CPN_Industrial_Use,
	title = {{CPN} industrial usage},
	howpublished = {\url{http://cs.au.dk/cpnets/industrial-use/}},
	note = {Accessed: 2017-08-31}
}

@misc{BETA,
	title = {{BETA} programming language homepage},
	howpublished = {\url{http://cs.au.dk/~beta/}},
	note = {Accessed: 2017-09-01}
}


@misc{AccessCPN_Library,
	title = {{Access/CPN} library},
	howpublished = {\url{http://cpntools.org/accesscpn/start}},
	note = {Accessed: 2017-09-01}
}

@misc{Design_CPN,
	title = {{Design/CPN}},
	howpublished = {\url{https://www.informatik.uni-hamburg.de/TGI/PetriNets/classification/tools/des-cpn.html}},
	note = {Accessed: 2017-09-01}
}

@misc{Comms_CPN_Important_Functions,
	title = {{Comms/CPN} important functions},
	howpublished = {\url{http://cpntools.org/documentation/concepts/external/commscpn_functions}},
	note = {Accessed: 2017-09-01}
}

@misc{CPN_Tools_Callback_Messages,
	title = {{CPN Tools} callback messages},
	howpublished = {\url{http://cpntools.org/cpn2000/callback_messages}},
	note = {Accessed: 2017-09-02}
}

@misc{CPN_Tools_Priority_Transitions,
	title = {{CPN Tools} priority transitions},
	howpublished = {\url{https://westergaard.eu/2010/08/real-time-and-transition-priorities-in-cpn-tools/}},
	note = {Accessed: 2017-09-07}
}

@misc{Diego_Calvanese_Slides_Database,
	title = {{Ontology and Database Systems:
	Knowledge Representation and Ontologies}},
	author = {Diego Calvanese}
	howpublished = {\url{http://www.inf.unibz.it/~calvanese/teaching/16-17-odbs/lecture-notes/KRO-3-queries.pdf}},
	note = {Accessed: 2017-09-08}
}

@misc{DB_all_lectures,
	title={Logic and Database Queries}, url={https://www.cs.rice.edu/~tlogic/Database/all-lectures.pdf}, author={Ben McMahan, Moshe Y. Vardi Ian Barland},
	note = {Accessed: 2017-09-08}
}


@inproceedings{AccessCPN,
	author    = {Michael Westergaard and
	Lars Michael Kristensen},
	title     = {The Access/CPN Framework: {A} Tool for Interacting with the {CPN}
	Tools Simulator},
	booktitle = {Applications and Theory of Petri Nets, 30th International Conference,
	{PETRI} {NETS} 2009, Paris, France, June 22-26, 2009. Proceedings},
	pages     = {313--322},
	year      = {2009},
	crossref  = {DBLP:conf/apn/2009},
	url       = {https://doi.org/10.1007/978-3-642-02424-5_19},
	doi       = {10.1007/978-3-642-02424-5_19},
	timestamp = {Fri, 26 May 2017 00:48:46 +0200},
	biburl    = {http://dblp.uni-trier.de/rec/bib/conf/apn/WestergaardK09},
	bibsource = {dblp computer science bibliography, http://dblp.org}
}

@inproceedings{DBLP:conf/apn/WestergaardV11,
	author    = {Michael Westergaard and
	H. M. W. (Eric) Verbeek},
	title     = {Efficient Implementation of Prioritized Transitions for High-level
	Petri Nets},
	booktitle = {Proceedings of the International Workshop on Petri Nets and Software
	Engineering, Newcastle upon Tyne, UK, June 20-21, 2011},
	pages     = {27--41},
	year      = {2011},
	crossref  = {DBLP:conf/apn/2011pnse},
	url       = {http://ceur-ws.org/Vol-723/paper3.pdf},
	timestamp = {Mon, 30 May 2016 16:43:12 +0200},
	biburl    = {http://dblp.uni-trier.de/rec/bib/conf/apn/WestergaardV11},
	bibsource = {dblp computer science bibliography, http://dblp.org}
}